%%% Title:    Bibtex References for TCSM
%%% Author:   Kyle M. Lang
%%% Created:  2017-08-30
%%% Modified: 2023-08-17

@article{breiman:2001,
  title = {{Statistical modeling: The two cultures (with comments and a rejoinder
      by the author)}},
  author = {Breiman, Leo},
  journal = {Statistical Science},
  volume = {16},
  number = {3},
  pages = {199--231},
  year = {2001},
  publisher = {Institute of Mathematical Statistics}
}

@book{o'neilSchutt:2014,
  title = {Doing data science: {Straight} talk from the frontline},
  author = {O'Neil, Cathy and Schutt, Rachel},
  year = {2014},
  publisher = {O'Reilly Media, Inc.},
  address = {Sebastopol, CA}
}

@article{smaldino:2017,
  title={Models are stupid, and we need more of them},
  author={Smaldino, Paul E},
  journal={Computational Social Psychology},
  pages={311--331},
  year={2017},
  publisher={Routledge}
}

@book{tukey:1977,
  title = {Exploratory data analysis},
  author = {Tukey, John W},
  volume = {2},
  year = {1977},
  publisher = {Addison-Wesley},
  address = {Reading, MA}
}
